<?xml version="1.0" encoding="UTF-8"?><collection xmlns="http://www.loc.gov/MARC21/slim"><record><leader>00525nam--2200181-i-4500</leader><controlfield tag="001">000007468</controlfield><controlfield tag="002">20161230</controlfield><controlfield tag="005">20161230201027</controlfield><controlfield tag="008">060222s1000------------r-----000-0-eng-d</controlfield><datafield ind1=" " ind2=" " tag="040"><subfield code="a">IFIN-HH</subfield></datafield><datafield ind1=" " ind2=" " tag="080"><subfield code="a">539.163</subfield></datafield><datafield ind1="1" ind2=" " tag="100"><subfield code="a">Sommerville, J.L</subfield></datafield><datafield ind1="1" ind2="0" tag="245"><subfield code="a">The isotope index 1967</subfield><subfield code="b">Complete guide to the isotopes</subfield><subfield code="c">J.l. sommerville (ed.)</subfield></datafield><datafield ind1=" " ind2=" " tag="250"><subfield code="a">Tenth Aniversary Edition</subfield></datafield><datafield ind1=" " ind2=" " tag="260"><subfield code="a">Indianapolis, Indiana</subfield><subfield code="b">Scientific Equipment Co</subfield><subfield code="c">1967</subfield></datafield><datafield ind1=" " ind2=" " tag="300"><subfield code="a">357P</subfield></datafield><datafield ind1=" " ind2=" " tag="852"><subfield code="a">30751</subfield><subfield code="c">539.163</subfield></datafield><datafield ind1=" " ind2=" " tag="CAT"><subfield code="a">Sys</subfield><subfield code="c">20120517</subfield><subfield code="h">200143</subfield></datafield></record></collection>